<collection xmlns="http://www.loc.gov/MARC21/slim">
<record>
  <leader>01354nam0a22002651i 450 </leader>
  <controlfield tag="001">IT\ICCU\CNCE\040947</controlfield>
  <controlfield tag="005">20060228000000.0</controlfield>
  <datafield tag="012" ind1=" " ind2=" ">
    <subfield code="a">iau- rute utee tiva (3) 1500 (Q)</subfield>
    <subfield code="2">fei</subfield>
  </datafield>
  <datafield tag="100" ind1=" " ind2=" ">
    <subfield code="a">19981104f15011600    0itac0103    ba</subfield>
  </datafield>
  <datafield tag="101" ind1=" " ind2=" ">
    <subfield code="a">LAT</subfield>
  </datafield>
  <datafield tag="102" ind1=" " ind2=" ">
    <subfield code="a">IT</subfield>
  </datafield>
  <datafield tag="200" ind1="1" ind2=" ">
    <subfield code="a">Consilia perutilia ad diuersas egritudines celeberrimi artium et medicine doctoris ... Ioannis Matthei de Ferraris de Gradi ...</subfield>
  </datafield>
  <datafield tag="210" ind1=" " ind2=" ">
    <subfield code="a">\S. l.</subfield>
    <subfield code="c">s. n.</subfield>
    <subfield code="d">15..!</subfield>
  </datafield>
  <datafield tag="215" ind1=" " ind2=" ">
    <subfield code="a">104 c.</subfield>
    <subfield code="d">fol</subfield>
  </datafield>
  <datafield tag="300" ind1=" " ind2=" ">
    <subfield code="a">E&apos; un es. mutilo della 18793. Controllate le fotocopie di MI10 su un es. di CV01</subfield>
  </datafield>
  <datafield tag="700" ind1=" " ind2="1">
    <subfield code="a">Ferrari,</subfield>
    <subfield code="b">Giovanni Matteo</subfield>
    <subfield code="3">IT\ICCU\CNCA\005326</subfield>
  </datafield>
  <datafield tag="712" ind1="0" ind2="2">
    <subfield code="a">s.n.</subfield>
    <subfield code="3">IT\ICCU\CNCT\000002</subfield>
    <subfield code="4">650</subfield>
  </datafield>
  <datafield tag="790" ind1=" " ind2="0">
    <subfield code="a">Ioannes Mattheus</subfield>
    <subfield code="c"> : de#Gradi</subfield>
    <subfield code="3">IT\ICCU\CNCA\014048</subfield>
    <subfield code="z">Ferrari, Giovanni Matteo</subfield>
  </datafield>
  <datafield tag="790" ind1=" " ind2="1">
    <subfield code="a">Ferrari de&apos; Gradi,</subfield>
    <subfield code="b">Giovanni Matteo</subfield>
    <subfield code="3">IT\ICCU\CNCA\014049</subfield>
    <subfield code="z">Ferrari, Giovanni Matteo</subfield>
  </datafield>
  <datafield tag="790" ind1=" " ind2="1">
    <subfield code="a">Gradibus,</subfield>
    <subfield code="b">Iohannes Mattheus : de</subfield>
    <subfield code="3">IT\ICCU\CNCA\014251</subfield>
    <subfield code="z">Ferrari, Giovanni Matteo</subfield>
  </datafield>
  <datafield tag="790" ind1=" " ind2="1">
    <subfield code="a">Ferrarius de Gradi,</subfield>
    <subfield code="b">Joannes Mattheus</subfield>
    <subfield code="3">IT\ICCU\CNCA\019146</subfield>
    <subfield code="z">Ferrari, Giovanni Matteo</subfield>
  </datafield>
  <datafield tag="790" ind1=" " ind2="1">
    <subfield code="a">De_Gradibus,</subfield>
    <subfield code="b">Giovanni Matteo</subfield>
    <subfield code="3">IT\ICCU\CNCA\019147</subfield>
    <subfield code="z">Ferrari, Giovanni Matteo</subfield>
  </datafield>
  <datafield tag="790" ind1=" " ind2="1">
    <subfield code="a">Ferrari da Grado,</subfield>
    <subfield code="b">Giovanni Matteo</subfield>
    <subfield code="3">IT\ICCU\CNCA\019148</subfield>
    <subfield code="z">Ferrari, Giovanni Matteo</subfield>
  </datafield>
  <datafield tag="801" ind1=" " ind2="3">
    <subfield code="a">IT</subfield>
    <subfield code="b">ICCU</subfield>
    <subfield code="c">20201114</subfield>
  </datafield>
  <datafield tag="899" ind1=" " ind2=" ">
    <subfield code="a">Archivio storico civico e Biblioteca Trivulziana. Milano</subfield>
    <subfield code="1">MI0327</subfield>
    <subfield code="2">LO1 13</subfield>
  </datafield>
</record>
</collection>
